@misc{unity2022_patterns,
  author       = {Unity Technologies},
  title        = {Level up your code with game programming patterns},
  year         = {2022},
  howpublished = {\url{https://unity.com/resources/level-up-your-code-with-game-programming-patterns}},
  note         = {E-Book}
}

@misc{unity2024_charactercontroller,
  author       = {Unity Technologies},
  title        = {{CharacterController}},
  year         = {2024},
  howpublished = {\url{https://docs.unity3d.com/6000.0/Documentation/ScriptReference/CharacterController.html}},
  note         = {Accessed: 2024-11-10}
}

@misc{unity2024_charactercontroller_reference,
  author       = {Unity Technologies},
  title        = {{CharacterController component reference}},
  year         = {2024},
  howpublished = {\url{https://docs.unity3d.com/6000.0/Documentation/Manual/class-CharacterController.html}},
  note         = {Accessed: 2024-11-10}
}

@misc{pittman2016_jump,
  author       = {Kyle Pittman},
  title        = {{Math for Game Programmers: Building a Better Jump}},
  year         = {2016},
  note         = {Available on YouTube: \url{https://www.youtube.com/watch?v=hG9SzQxaCm8\&t=1383s}}
}

@book{Doran2017,
  author = {Doran, John P. and Casanova, Matt},
  title = {{Game development patterns and best practices : better games, less hassle}},
  edition = {1st edition},
  isbn = {1-78712-783-4},
  publisher = {Packt},
  year = {2017},
}

@book{nystrom2011game,
  author    = {Nystrom, Robert},
  title     = {{Game Programming Patterns}},
  year      = {2011},
  publisher = {gb},
}

@article{Barczak2019,
  author       = {Barczak, Andrzej Marian and Woźniak, Hubert},
  title        = {{Comparative study on game engines}},
  journal      = {Studia Informatica. Systems and Information Technology},
  year         = {2019},
  number       = {1-2},
  pages        = {5--24}
}

@article{Christopoulou2017,
  author       = {Christopoulou, E. and Xinogalos, S.},
  title        = {{Overview and Comparative Analysis of Game Engines for Desktop and Mobile Devices}},
  journal      = {International Journal of Serious Games},
  year         = {2017},
  volume       = {4},
  number       = {4}
}

@book{Kramarzewski2023,
  author = {Kramarzewski, Adam and Nucci, Ennio De},
  address = {Birmingham, England},
  title = {{Practical Game Design : A Modern and Comprehensive Guide to Video Game Design}},
  edition = {Second edition.},
  publisher = {Packt Publishing Ltd},
  year = {2023},
}

@book{Rogers2014,
  author = {Rogers, Scott},
  address = {Chichester, West Sussex},
  title = {{Level up! : the guide to great video game design}},
  edition = {Second edition.},
  publisher = {John Wiley and Sons},
  year = {2014},
}

@misc{unity2024_UI,
  author       = {Unity Technologies},
  title        = {{Unity UI}},
  year         = {2024},
  howpublished = {\url{https://docs.unity3d.com/6000.0/Documentation/Manual/com.unity.ugui.html}},
  note         = {Accessed: 2024-8-12}
}

@misc{unity2024_AI,
  author       = {Unity Technologies},
  title        = {{UnityEngine.AIModule}},
  year         = {2024},
  howpublished = {\url{https://docs.unity3d.com/6000.0/Documentation/ScriptReference/UnityEngine.AIModule.html}},
  note         = {Accessed: 2024-8-12}
}

@misc{unity2024_NavAgent,
  author       = {Unity Technologies},
  title        = {{NavMeshAgent}},
  year         = {2024},
  howpublished = {\url{https://docs.unity3d.com/6000.0/Documentation/ScriptReference/AI.NavMeshAgent.html}},
  note         = {Accessed: 2024-8-12}
}

@misc{unity2024_Coroutines,
  author       = {Unity Technologies},
  title        = {{Splitting tasks across frames}},
  year         = {2024},
  howpublished = {\url{https://docs.unity3d.com/6000.0/Documentation/Manual/coroutines.html}},
  note         = {Accessed: 2024-8-12}
}

@misc{unity2024_ScriptableObject,
  author       = {Unity Technologies},
  title        = {{ScriptableObject}},
  year         = {2024},
  howpublished = {\url{https://docs.unity3d.com/6000.0/Documentation/Manual/class-ScriptableObject.html#:~:text=A%20ScriptableObject%20is%20a%20data%20container%20that%20you,project%E2%80%99s%20memory%20usage%20by%20avoiding%20copies%20of%20values.}},
  note         = {Accessed: 2024-8-12}
}


@misc{eventyr_2023,
  author       = {Eventyr},
  title        = {{Game Development with Unreal Engine: Pros and Cons}},
  year         = {2023},
  howpublished = {\url{https://eventyr.pro/blog/game-development-with-unreal-engine-pros-and-cons/}},
  note         = {Accessed: 2024-10-12}
}

@misc{medium_2024,
  author       = {Medium},
  title        = {{Advantages and Disadvantages of Unity 3D Game Development}},
  year         = {2024},
  howpublished = {\url{https://medium.com/@mobileappandgameappdevelopment/advantages-and-disadvantages-of-unity-3d-game-development-4314c067d4b2}},
  note         = {Accessed: 2024-10-12}
}

@misc{hatton_2024,
  author       = {Paul Hatton},
  title        = {{Godot Engine vs Unity: which is right for you?}},
  year         = {2024},
  howpublished = {\url{https://www.creativebloq.com/3d/video-game-design/godot-engine-vs-unity-which-is-right-for-you}},
  note         = {Accessed: 2024-10-12}
}

@misc{onewheelstudio_2021,
  author       = {One Wheel Studio},
  title        = {{Cinemachine. If you're not. You should}},
  year         = {2021},
  howpublished = {\url{https://onewheelstudio.com/blog/2021/9/11/cinemachine}},
  note         = {Accessed: 2024-10-12}
}


@misc{unity_2024_inputsystem,
  author       = {Unity Technologies},
  title        = {{Input System}},
  year         = {2024},
  howpublished = {\url{https://docs.unity3d.com/Packages/com.unity.inputsystem@1.8/manual/index.html}},
  note         = {Accessed: 2024-10-12}
}

@article{marchand2013value,
  author    = {Marchand, André and Hennig-Thurau, Thorsten},
  title     = {{Value Creation in the Video Game Industry: Industry Economics, Consumer Benefits, and Research Opportunities}},
  journal   = {Journal of Interactive Marketing},
  volume    = {27},
  number    = {3},
  pages     = {141--157},
  year      = {2013},
  publisher = {Elsevier}
}

@book{zackariasson2012video,
  author    = {Zackariasson, Peter and Wilson, Timothy L.},
  title     = {{The Video Game Industry: Formation, Present State, and Future}},
  publisher = {Routledge},
  address   = {New York},
  year      = {2012}
}

@article{zhao2022dynamic,
  author    = {Zhao, Yi and et al.},
  title     = {{A Dynamic Model of Player Level-Progression Decisions in Online Gaming}},
  journal   = {Management Science},
  year      = {2022},
  volume    = {68},
  number    = {11},
  pages     = {8062--8082}
}

@misc{flashjungle_2022,
  author       = {Danny Bouchard},
  title        = {{Effective User Testing in Game Development: Techniques and Benefits}},
  year         = {2022},
  howpublished = {\url{https://www.flash-jungle.com/effective-user-testing-game-development/}},
  note         = {Accessed: 2024-10-12}
}

@misc{unity_2022_codestyle,
  author       = {Unity Technologies},
  title        = {{Create a C\# Style Guide}},
  year         = {2022},
  howpublished = {\url{https://cdn.bfldr.com/S5BC9Y64/at/5v473vn8kz7p85275gw8vnph/2022_WritingCleanerCodeThatScales_EBook-v6-Final.pdf}},
  note         = {E-Book}
}