@misc{unity2022_patterns,
  author       = {Unity Technologies},
  title        = {Level up your code with game programming patterns},
  year         = {2022},
  howpublished = {\url{https://unity.com/resources/level-up-your-code-with-game-programming-patterns}},
  note         = {E-Book}
}

@misc{unity2024_charactercontroller,
  author       = {Unity Technologies},
  title        = {{CharacterController}},
  year         = {2024},
  howpublished = {\url{https://docs.unity3d.com/6000.0/Documentation/ScriptReference/CharacterController.html}},
  note         = {Accessed: 2024-11-10}
}

@misc{unity2024_charactercontroller_reference,
  author       = {Unity Technologies},
  title        = {{CharacterController component reference}},
  year         = {2024},
  howpublished = {\url{https://docs.unity3d.com/6000.0/Documentation/Manual/class-CharacterController.html}},
  note         = {Accessed: 2024-11-10}
}

@misc{pittman2016_jump,
  author       = {Kyle Pittman},
  title        = {{Math for Game Programmers: Building a Better Jump}},
  year         = {2016},
  note         = {Available on YouTube: \url{https://www.youtube.com/watch?v=hG9SzQxaCm8\&t=1383s}}
}

@book{Doran2017,
  author = {Doran, John P. and Casanova, Matt},
  title = {{Game development patterns and best practices : better games, less hassle}},
  edition = {1st edition},
  isbn = {1-78712-783-4},
  publisher = {Packt},
  year = {2017},
}

@book{nystrom2011game,
  author    = {Nystrom, Robert},
  title     = {{Game Programming Patterns}},
  year      = {2011},
  publisher = {gb},
}

@article{Barczak2019,
  author       = {Barczak, Andrzej Marian and Woźniak, Hubert},
  title        = {{Comparative study on game engines}},
  journal      = {Studia Informatica. Systems and Information Technology},
  year         = {2019},
  number       = {1-2},
  pages        = {5--24}
}

@article{Christopoulou2017,
  author       = {Christopoulou, E. and Xinogalos, S.},
  title        = {{Overview and Comparative Analysis of Game Engines for Desktop and Mobile Devices}},
  journal      = {International Journal of Serious Games},
  year         = {2017},
  volume       = {4},
  number       = {4}
}

@book{Kramarzewski2023,
  author = {Kramarzewski, Adam and Nucci, Ennio De},
  address = {Birmingham, England},
  title = {{Practical Game Design : A Modern and Comprehensive Guide to Video Game Design}},
  edition = {Second edition.},
  publisher = {Packt Publishing Ltd},
  year = {2023},
}

@book{Rogers2014,
  author = {Rogers, Scott},
  address = {Chichester, West Sussex},
  title = {{Level up! : the guide to great video game design}},
  edition = {Second edition.},
  publisher = {John Wiley and Sons},
  year = {2014},
}

@misc{unity2024_UI,
  author       = {Unity Technologies},
  title        = {{Unity UI}},
  year         = {2024},
  howpublished = {\url{https://docs.unity3d.com/6000.0/Documentation/Manual/com.unity.ugui.html}},
  note         = {Accessed: 2024-8-12}
}

@misc{unity2024_AI,
  author       = {Unity Technologies},
  title        = {{UnityEngine.AIModule}},
  year         = {2024},
  howpublished = {\url{https://docs.unity3d.com/6000.0/Documentation/ScriptReference/UnityEngine.AIModule.html}},
  note         = {Accessed: 2024-8-12}
}

@misc{unity2024_NavAgent,
  author       = {Unity Technologies},
  title        = {{NavMeshAgent}},
  year         = {2024},
  howpublished = {\url{https://docs.unity3d.com/6000.0/Documentation/ScriptReference/AI.NavMeshAgent.html}},
  note         = {Accessed: 2024-8-12}
}

@misc{unity2024_Coroutines,
  author       = {Unity Technologies},
  title        = {{Splitting tasks across frames}},
  year         = {2024},
  howpublished = {\url{https://docs.unity3d.com/6000.0/Documentation/Manual/coroutines.html}},
  note         = {Accessed: 2024-8-12}
}

@misc{unity2024_ScriptableObject,
  author       = {Unity Technologies},
  title        = {{ScriptableObject}},
  year         = {2024},
  howpublished = {\url{https://docs.unity3d.com/6000.0/Documentation/Manual/class-ScriptableObject.html#:~:text=A%20ScriptableObject%20is%20a%20data%20container%20that%20you,project%E2%80%99s%20memory%20usage%20by%20avoiding%20copies%20of%20values.}},
  note         = {Accessed: 2024-8-12}
}


@misc{eventyr_2023,
  author       = {Eventyr},
  title        = {{Game Development with Unreal Engine: Pros and Cons}},
  year         = {2023},
  howpublished = {\url{https://eventyr.pro/blog/game-development-with-unreal-engine-pros-and-cons/}},
  note         = {Accessed: 2024-10-12}
}

@misc{medium_2024,
  author       = {Medium},
  title        = {{Advantages and Disadvantages of Unity 3D Game Development}},
  year         = {2024},
  howpublished = {\url{https://medium.com/@mobileappandgameappdevelopment/advantages-and-disadvantages-of-unity-3d-game-development-4314c067d4b2}},
  note         = {Accessed: 2024-10-12}
}

@misc{hatton_2024,
  author       = {Paul Hatton},
  title        = {{Godot Engine vs Unity: which is right for you?}},
  year         = {2024},
  howpublished = {\url{https://www.creativebloq.com/3d/video-game-design/godot-engine-vs-unity-which-is-right-for-you}},
  note         = {Accessed: 2024-10-12}
}

@misc{onewheelstudio_2021,
  author       = {One Wheel Studio},
  title        = {{Cinemachine. If you're not. You should}},
  year         = {2021},
  howpublished = {\url{https://onewheelstudio.com/blog/2021/9/11/cinemachine}},
  note         = {Accessed: 2024-10-12}
}


@misc{unity_2024_inputsystem,
  author       = {Unity Technologies},
  title        = {{Input System}},
  year         = {2024},
  howpublished = {\url{https://docs.unity3d.com/Packages/com.unity.inputsystem@1.8/manual/index.html}},
  note         = {Accessed: 2024-10-12}
}

@article{marchand2013value,
  author    = {Marchand, André and Hennig-Thurau, Thorsten},
  title     = {{Value Creation in the Video Game Industry: Industry Economics, Consumer Benefits, and Research Opportunities}},
  journal   = {Journal of Interactive Marketing},
  volume    = {27},
  number    = {3},
  pages     = {141--157},
  year      = {2013},
  publisher = {Elsevier}
}

@book{zackariasson2012video,
  author    = {Zackariasson, Peter and Wilson, Timothy L.},
  title     = {{The Video Game Industry: Formation, Present State, and Future}},
  publisher = {Routledge},
  address   = {New York},
  year      = {2012}
}

@article{zhao2022dynamic,
  author    = {Zhao, Yi and et al.},
  title     = {{A Dynamic Model of Player Level-Progression Decisions in Online Gaming}},
  journal   = {Management Science},
  year      = {2022},
  volume    = {68},
  number    = {11},
  pages     = {8062--8082}
}

@misc{flashjungle_2022,
  author       = {Danny Bouchard},
  title        = {{Effective User Testing in Game Development: Techniques and Benefits}},
  year         = {2022},
  howpublished = {\url{https://www.flash-jungle.com/effective-user-testing-game-development/}},
  note         = {Accessed: 2024-10-12}
}

@misc{unity_2022_codestyle,
  author       = {Unity Technologies},
  title        = {{Create a C\# Style Guide}},
  year         = {2022},
  howpublished = {\url{https://cdn.bfldr.com/S5BC9Y64/at/5v473vn8kz7p85275gw8vnph/2022_WritingCleanerCodeThatScales_EBook-v6-Final.pdf}},
  note         = {E-Book}
}

@inproceedings{Singh2022,
  author    = {N. P. Singh and B. Sharma and A. Sharma},
  title     = {Performance Analysis and Optimization Techniques in Unity 3D},
  booktitle = {3rd International Conference on Smart Electronics and Communication (ICOSEC)},
  year      = {2022},
  pages     = {245--252},
  address   = {Trichy, India}
}

@misc{Unity2024LOD,
  author       = {Unity Technologies},
  year         = {2024},
  title        = {{Level of Detail (LOD) for meshes}},
  howpublished = {\url{https://docs.unity3d.com/Manual/LevelOfDetail.html}},
  note         = {Accessed: 10-10-2024}
}

@misc{IndieGamesDevel,
  author       = {Johannes Nienbar},
  year         = {2023},
  title        = {{How LOD systems Work in Video Games and Why They Are Used}},
  howpublished = {\url{https://indiegamesdevel.com/how-lod-systems-work-in-video-games-and-why-they-are-used/}},
  note         = {Accessed: 17-03-2025}
}

@misc{UnityCommercial,
  author       = {Maxine},
  year         = {2024},
  title        = {{Can I use assets from the Asset Store in my commercial game?}},
  howpublished = {\url{https://support.unity.com/hc/en-us/articles/205623589-Can-I-use-assets-from-the-Asset-Store-in-my-commercial-game#h_01FY9A84TW1N69GJ4QQTNW33RE}},
  note         = {Accessed: 27-03-2025}
}

@misc{UnityLicences,
  author       = {Andres},
  year         = {2025},
  title        = {{Asset Store licenses: Extension Assets, Single and Multi Entity assets}},
  howpublished = {\url{https://support.unity.com/hc/en-us/articles/208601846-Asset-Store-licenses-Extension-Assets-Single-and-Multi-Entity-assets}},
  note         = {Accessed: 27-03-2025}
}

@misc{UnityTC,
  author       = {Unity Technologies},
  year         = {2024},
  title        = {{Unity Editor Software Terms}},
  howpublished = {\url{https://unity.com/legal/editor-terms-of-service/software}},
  note         = {Accessed: 27-03-2025}
}

@misc{FC2020,
  author       = {Bruno Opsenica},
  year         = {2020},
  title        = {{Frustum Culling}},
  howpublished = {\url{https://bruop.github.io/frustum_culling/}},
  note         = {Accessed: 31-03-2025}
}

@misc{LOD,
  author       = {Filip Radivojevic},
  year         = {2024},
  title        = {{Level of Detail (LOD) in Games: Enhancing Performance and Visuals}},
  howpublished = {\url{https://www.renderhub.com/blog/level-of-detail-lod-in-games-enhancing-performance-and-visuals}},
  note         = {Accessed: 31-03-2025}
}

@book{Hutchinson2009,
  author = {Haigh-Hutchinson M},
  title = {{Real-Time Cameras. A Guide for Game Designers and Developers.}},
  publisher = {Morgan Kaufmann Publishers},
  year = {2009}
}

@book{Jesse2019,
  author = {Jesse Schell},
  title = {{The Art of Game Design: A Book of Lenses}},
  edition = {Third},
  publisher = {Taylor \& Francis Group},
  year = {2019}
}

@misc{Hive,
  author       = {Lery},
  year         = {2024},
  title        = {{Crafting an Effective HUD: Design Principles for Game Developers}},
  howpublished = {\url{https://www.mygamehive.com/blog/crafting-an-effective-hud-design-principles-for-game-developers#}},
  note         = {Accessed: 02-04-2025}
}

